Month,Sales
2021-01,12000
2021-02,13000
2021-03,12500
2021-04,14000
2021-05,15000
2021-06,16000
2021-07,15500
2021-08,17000
2021-09,16500
2021-10,18000
2021-11,19000
2021-12,20000
2022-01,21000
2022-02,22000
2022-03,21500
2022-04,23000
2022-05,24000
2022-06,23500
2022-07,25000
2022-08,24500
2022-09,25500
2022-10,26000
2022-11,27500
2022-12,29000
